@article{WESD_2021,
  title     = {A Reference Open-Source Controller for Fixed and Floating Offshore Wind Turbines},
  author    = {Abbas, Nikhar J. and Zalkind, Daniel and Pao, Lucy and Wright, Alan},
  journal   = {Wind Energy Science Discussions},
  pages     = {1--33},
  year      = {2021},
  publisher = {Copernicus GmbH},
  url       = {https://wes.copernicus.org/preprints/wes-2021-19/},
}
@article{WES_2021_ROSCO,
  author  = {Abbas, N. J. and Zalkind, D. S. and Pao, L. and Wright, A.},
  title   = {A Reference Open-Source Controller for Fixed and Floating Offshore Wind Turbines},
  journal = {Wind Energy Science},
  volume  = {7},
  year    = {2022},
  number  = {1},
  pages   = {53--73},
  url     = {https://wes.copernicus.org/articles/7/53/2022/},
  keywords  = {first-author-journal, selected}

}
@article{TORQUE2020rosco,
  title     = {An Update to the National Renewable Energy Laboratory Baseline Wind Turbine Controller},
  author    = {Nikhar J. Abbas and Alan Wright and Lucy Pao},
  url       = {https://doi.org/10.1088/1742-6596/1452/1/012002},
  year      = 2020,
  publisher = {{IOP} Publishing},
  volume    = {1452},
  pages     = {012002},
  keywords  = {first-author-conference}
}
@inproceedings{TORQUE2020cont,
	title = {On the Controllability of a Floating Offshore Wind Turbine},
	author = {Nikhar J. Abbas and Lucy Pao},
	year = 2020,
	publisher = {{IOP} Publishing},
	volume = {1452},
	pages = {012001},
	url = {https://doi.org/10.1088/1742-6596/1452/1/012001},
  keywords  = {first-author-conference, selected}
}
@inproceedings{abbas2019assessing,
  title     = {Assessing Control of a Floating Wind Turbine Based on Harmonic Loads Analysis},
  author    = {Abbas, Nikhar J. and Zalkind, Daniel and Pao, Lucy},
  booktitle = {AIAA Scitech 2019 Forum},
  pages     = {1802},
  year      = {2019},
  url       = {http://dx.doi.org/10.2514/6.2019-1802},
  keywords  = {first-author-conference, selected}
}
@book{abbas2016small,
  title     = {Small Disturbance, Long Term Voltage Stabilization on a Distribution Feeder in Kathmandu, Nepal},
  author    = {Abbas, Nikhar J.},
  year      = {2016},
  publisher = {University of California, San Diego},
  url       = {https://www.proquest.com/openview/c3b575f879c67e3c2707e7097a971b48/1?pq-origsite=gscholar&cbl=18750},
  keywords  = {thesis}
}
@inproceedings{abbas2017utilization,
  title        = {Utilization of Model Predictive Control to Balance Power Absorption Against Load Accumulation},
  author       = {Abbas, Nikhar J. and Tom, Nathan},
  booktitle    = {The 27th International Ocean and Polar Engineering Conference},
  year         = {2017},
  organization = {OnePetro},
  keywords     = {first-author-conference},
  url          = {https://onepetro.org/ISOPEIOPEC/proceedings-abstract/ISOPE17/All-ISOPE17/ISOPE-I-17-667/39138}
}
@article{bortolotti2021land,
  title     = {Land-Based Wind Turbines with Flexible Rail-Transportable Blades--Part 1: Conceptual Design and Aeroservoelastic Performance},
  author    = {Bortolotti, Pietro and Johnson, Nick and Abbas, Nikhar J. and Anderson, Evan and Camarena, Ernesto and Paquette, Joshua},
  journal   = {Wind Energy Science},
  year      = {2021},
  volume    = {6},
  number    = {5},
  publisher = {Copernicus GmbH},
  keywords  = {refereed-journal},
  url       = {http://dx.doi.org/10.5194/wes-6-1277-2021}
}
@inproceedings{lenfest2021two,
  title        = {Two-DoF Model-Informed Controller Gain Tuning for Several Floating Wind Platforms},
  author       = {Lenfest, Eben and Goupee, Andrew and Wright, Alan and Abbas, Nikhar J.},
  booktitle    = {The 31st International Ocean and Polar Engineering Conference},
  year         = {2021},
  organization = {OnePetro},
  keywords     = {refereed-conference}
}
@inproceedings{feil2020distributed,
  title        = {Distributed Aerodynamic Control using Active Trailing-Edge Flaps for Large Wind Turbines},
  author       = {Feil, Roland and Abbas, Nikhar and Bortolotti, Pietro and Johnson, Nick and Mertz, Ben},
  booktitle    = {Journal of Physics: Conference Series},
  volume       = {1618},
  number       = {4},
  pages        = {042026},
  year         = {2020},
  organization = {IOP Publishing},
  keywords     = {refereed-conference},
  url          = {http://dx.doi.org/10.1088/1742-6596/1618/4/042026}
}
@inproceedings{rinker2020comparison,
  title        = {Comparison of loads from HAWC2 and OpenFAST for the IEA Wind 15 MW Reference Wind Turbine},
  author       = {Rinker, Jennifer and Gaertner, Evan and Zahle, Frederik and Skrzypi{\'n}ski, Witold and Abbas, Nikhar and Bredmose, Henrik and Barter, Garrett and Dykes, Katherine},
  booktitle    = {Journal of Physics: Conference Series},
  volume       = {1618},
  number       = {5},
  pages        = {052052},
  year         = {2020},
  organization = {IOP Publishing},
  keywords     = {refereed-conference},
  url          = {http://dx.doi.org/10.1088/1742-6596/1618/5/052052}
}
@inproceedings{lenfest2020tuning,
  title        = {Tuning of Nacelle Feedback Gains for Floating Wind Turbine Controllers Using a Two-Dof Model},
  author       = {Lenfest, Eben and Goupee, Andrew J and Wright, Alan and Abbas, Nikhar J.},
  booktitle    = {International Conference on Offshore Mechanics and Arctic Engineering},
  volume       = {84416},
  pages        = {V009T09A063},
  year         = {2020},
  organization = {American Society of Mechanical Engineers},
  keywords     = {refereed-conference},
  url          = {http://dx.doi.org/10.1115/OMAE2020-18770}
}
@techreport{allen2020definition,
  title       = {Definition of the UMaine VolturnUS-S Reference Platform Developed for the IEA Wind 15-Megawatt Offshore Reference Wind Turbine},
  author      = {Allen, Christopher and Viscelli, Anthony and Dagher, Habib and Goupee, Andrew and Gaertner, Evan and Abbas, Nikhar J. and Hall, Matthew and Barter, Garrett},
  year        = {2020},
  institution = {National Renewable Energy Lab.(NREL), Golden, CO (United States)},
  keywords    = {refereed-report},
  url         = {https://www.osti.gov/biblio/1660012}
}
@article{gaertner2020definition,
  title    = {Definition of the IEA 15 MW Offshore Reference Wind Turbine},
  author   = {Gaertner, Evan and Rinker, Jennifer and Sethuraman, Latha and Zahle, Frederik and Anderson, Benjamin and Barter, Garrett and Abbas, Nikhar J. and Meng, F and Bortolotti, P and Skrzypinski, W and others},
  journal  = {International Energy Agency. https://www. nrel. gov/docs/fy20osti/75698. pdf},
  year     = {2020},
  keywords = {refereed-report},
  url      = {https://www.osti.gov/biblio/1603478-iea-wind-tcp-task-definition-iea-megawatt-offshore-reference-wind-turbine}
}
@inproceedings{abbas2020acc,
  title         = {Generic Controller Development for Distributed Aerodynamic Control Devices on Large Wind Turbine Blades},
  author        = {Abbas, Nikhar J. and Feil, Roland and Pao, Lucy},
  organization  = {American Control Conference 2020},
  year          = {2020},
  keywords      = {presentation, selected}
}